
    <zs:record>
      <zs:recordSchema/>
      <zs:recordPacking>xml</zs:recordPacking>
      <zs:recordData>
        <record xmlns="http://www.loc.gov/MARC21/slim">
          <leader>00870cam a2200217u  4500</leader>
          <controlfield tag="001">8310739</controlfield>
          <controlfield tag="005">20010905140702.0</controlfield>
          <controlfield tag="008">821001s1938    enkabce       000 0 eng  </controlfield>
          <datafield tag="035" ind1=" " ind2=" ">
            <subfield code="9">(DLC)   39002977</subfield>
          </datafield>
          <datafield tag="906" ind1=" " ind2=" ">
            <subfield code="a">0</subfield>
            <subfield code="b">cbc</subfield>
            <subfield code="c">premunv</subfield>
            <subfield code="d">u</subfield>
            <subfield code="e">ncip</subfield>
            <subfield code="f">19</subfield>
            <subfield code="g">y-gencatlg</subfield>
          </datafield>
          <datafield tag="010" ind1=" " ind2=" ">
            <subfield code="a">   39002977 </subfield>
          </datafield>
          <datafield tag="040" ind1=" " ind2=" ">
            <subfield code="a">DLC</subfield>
            <subfield code="c">CarP</subfield>
            <subfield code="d">DLC</subfield>
          </datafield>
          <datafield tag="050" ind1="0" ind2="0">
            <subfield code="a">CS439</subfield>
            <subfield code="b">.C25 1938</subfield>
          </datafield>
          <datafield tag="100" ind1="1" ind2=" ">
            <subfield code="a">Carey, William Wilfred,</subfield>
            <subfield code="d">1856-1929. [from old catalog]</subfield>
          </datafield>
          <datafield tag="245" ind1="0" ind2="4">
            <subfield code="a">The history of the Careys of Guernsey,</subfield>
          </datafield>
          <datafield tag="260" ind1=" " ind2=" ">
            <subfield code="a">London,</subfield>
            <subfield code="b">J. M. Dent &amp; sons, ltd.,</subfield>
            <subfield code="c">1938.</subfield>
          </datafield>
          <datafield tag="300" ind1=" " ind2=" ">
            <subfield code="a">xvii, 331, [1] p.</subfield>
            <subfield code="b">front., illus. (incl. map) plates, ports., plan, facsims., xxiii fold. geneal. tab., coats of arms.</subfield>
            <subfield code="c">29 cm.</subfield>
          </datafield>
          <datafield tag="600" ind1="3" ind2="0">
            <subfield code="a">Cary family. [from old catalog]</subfield>
          </datafield>
          <datafield tag="700" ind1="1" ind2=" ">
            <subfield code="a">Carey, Edith F.</subfield>
            <subfield code="q">(Edith Frances),</subfield>
            <subfield code="d">1864-1935.</subfield>
          </datafield>
          <datafield tag="700" ind1="1" ind2=" ">
            <subfield code="a">Curtis, Spencer Carey,</subfield>
            <subfield code="d">1865- [from old catalog]</subfield>
          </datafield>
          <datafield tag="991" ind1=" " ind2=" ">
            <subfield code="b">c-GenColl</subfield>
            <subfield code="h">CS439</subfield>
            <subfield code="i">.C25 1938</subfield>
            <subfield code="t">Copy 1</subfield>
            <subfield code="w">PREM</subfield>
          </datafield>
        </record>
      </zs:recordData>
      <zs:recordPosition>3</zs:recordPosition>
    </zs:record>